@InProceedings{Das13:lin-inf-rew,
author =  {Anupam Das},
title =  {{Rewriting with Linear Inferences in Propositional Logic}},
booktitle =  {24th International Conference on Rewriting Techniques and Applications (RTA 2013)},
pages =  {158--173},
series =  {Leibniz International Proceedings in Informatics (LIPIcs)},
ISBN =  {978-3-939897-53-8},
ISSN =  {1868-8969},
year =  {2013},
volume =  {21},
editor =  {Femke van Raamsdonk},
publisher =  {Schloss Dagstuhl--Leibniz-Zentrum fuer Informatik},
address =  {Dagstuhl, Germany},
URL = {http://drops.dagstuhl.de/opus/volltexte/2013/4060},
URN = {urn:nbn:de:0030-drops-40609},
doi = {10.4230/LIPIcs.RTA.2013.158},
annote =  {Keywords: proof theory, propositional logic, complexity of proofs, deep inference}
}

@inproceedings{Das11:bdd-di,
  author    = {Anupam Das},
  editor    = {Kai Br{\"{u}}nnler and
               George Metcalfe},
  title     = {On the Proof Complexity of Cut-Free Bounded Deep Inference},
  booktitle = {Automated Reasoning with Analytic Tableaux and Related Methods - 20th
               International Conference, {TABLEAUX} 2011, Bern, Switzerland, July
               4-8, 2011. Proceedings},
  series    = {Lecture Notes in Computer Science},
  volume    = {6793},
  pages     = {134--148},
  publisher = {Springer},
  year      = {2011},
  url       = {https://doi.org/10.1007/978-3-642-22119-4\_12},
  doi       = {10.1007/978-3-642-22119-4\_12}
}

@inproceedings{DasStr15:no-comp-lin-sys,
  author    = {Anupam Das and
               Lutz Stra{\ss}burger},
  editor    = {Maribel Fern{\'{a}}ndez},
  title     = {No complete linear term rewriting system for propositional logic},
  booktitle = {26th International Conference on Rewriting Techniques and Applications,
               {RTA} 2015, June 29 to July 1, 2015, Warsaw, Poland},
  series    = {LIPIcs},
  volume    = {36},
  pages     = {127--142},
  publisher = {Schloss Dagstuhl - Leibniz-Zentrum f{\"{u}}r Informatik},
  year      = {2015},
  url       = {https://doi.org/10.4230/LIPIcs.RTA.2015.127},
  doi       = {10.4230/LIPIcs.RTA.2015.127}
}

@article{DasStr16:no-compl-lin-sys,
  author    = {Anupam Das and
               Lutz Stra{\ss}burger},
  title     = {On linear rewriting systems for Boolean logic and some applications
               to proof theory},
  journal   = {Log. Methods Comput. Sci.},
  volume    = {12},
  number    = {4},
  year      = {2016},
  url       = {https://doi.org/10.2168/LMCS-12(4:9)2016},
  doi       = {10.2168/LMCS-12(4:9)2016}
}

@article{Gir87:linear-logic,
  author    = {Jean{-}Yves Girard},
  title     = {Linear Logic},
  journal   = {Theor. Comput. Sci.},
  volume    = {50},
  pages     = {1--102},
  year      = {1987},
  url       = {https://doi.org/10.1016/0304-3975(87)90045-4},
  doi       = {10.1016/0304-3975(87)90045-4}
}

@inproceedings{AccHorStr20:mll-graphs-short,
  author    = {Matteo Acclavio and
               Ross Horne and
               Lutz Stra{\ss}burger},
  editor    = {Holger Hermanns and
               Lijun Zhang and
               Naoki Kobayashi and
               Dale Miller},
  title     = {Logic Beyond Formulas: {A} Proof System on Graphs},
  booktitle = {{LICS} '20: 35th Annual {ACM/IEEE} Symposium on Logic in Computer
               Science, Saarbr{\"{u}}cken, Germany, July 8-11, 2020},
  pages     = {38--52},
  publisher = {{ACM}},
  year      = {2020},
  url       = {https://doi.org/10.1145/3373718.3394763},
  doi       = {10.1145/3373718.3394763}
}

@article{AccHorStr20:mll-graphs-full,
  author    = {Matteo Acclavio and
               Ross Horne and
               Lutz Stra{\ss}burger},
  title     = {An Analytic Propositional Proof System on Graphs},
  journal   = {CoRR},
  volume    = {abs/2012.01102},
  year      = {2020},
  url       = {https://arxiv.org/abs/2012.01102},
  archivePrefix = {arXiv},
  eprint    = {2012.01102}
}

@inproceedings{Str07:char-med,
  author    = {Lutz Stra{\ss}burger},
  editor    = {Franz Baader},
  title     = {A Characterization of Medial as Rewriting Rule},
  booktitle = {Term Rewriting and Applications, 18th International Conference, {RTA}
               2007, Paris, France, June 26-28, 2007, Proceedings},
  series    = {Lecture Notes in Computer Science},
  volume    = {4533},
  pages     = {344--358},
  publisher = {Springer},
  year      = {2007},
  url       = {https://doi.org/10.1007/978-3-540-73449-9\_26},
  doi       = {10.1007/978-3-540-73449-9\_26}
}

@article{Str12:ext-wo-cut,
  author    = {Lutz Stra{\ss}burger},
  title     = {Extension without cut},
  journal   = {Ann. Pure Appl. Log.},
  volume    = {163},
  number    = {12},
  pages     = {1995--2007},
  year      = {2012},
  url       = {https://doi.org/10.1016/j.apal.2012.07.004},
  doi       = {10.1016/j.apal.2012.07.004}
}

@phdthesis{Str03:phd-thesis,
  author    = {Lutz Stra{\ss}burger},
  title     = {Linear logic and noncommutativity in the calculus of structures},
  school    = {Dresden University of Technology, Germany},
  year      = {2003},
  url       = {http://hsss.slub-dresden.de/hsss/servlet/hsss.urlmapping.MappingServlet?id=1063208959250-7293},
  urn       = {urn:nbn:de:swb:14-1063208959250-72937}
}

@inproceedings{Str02:lin-log-loc-sys,
  author    = {Lutz Stra{\ss}burger},
  editor    = {Matthias Baaz and
               Andrei Voronkov},
  title     = {A Local System for Linear Logic},
  booktitle = {Logic for Programming, Artificial Intelligence, and Reasoning, 9th
               International Conference, {LPAR} 2002, Tbilisi, Georgia, October 14-18,
               2002, Proceedings},
  series    = {Lecture Notes in Computer Science},
  volume    = {2514},
  pages     = {388--402},
  publisher = {Springer},
  year      = {2002},
  url       = {https://doi.org/10.1007/3-540-36078-6\_26},
  doi       = {10.1007/3-540-36078-6\_26}
}

@inproceedings{BruTiu01:class-log-loc-sys,
  author    = {Kai Br{\"{u}}nnler and
               Alwen Fernanto Tiu},
  editor    = {Robert Nieuwenhuis and
               Andrei Voronkov},
  title     = {A Local System for Classical Logic},
  booktitle = {Logic for Programming, Artificial Intelligence, and Reasoning, 8th
               International Conference, {LPAR} 2001, Havana, Cuba, December 3-7,
               2001, Proceedings},
  series    = {Lecture Notes in Computer Science},
  volume    = {2250},
  pages     = {347--361},
  publisher = {Springer},
  year      = {2001},
  url       = {https://doi.org/10.1007/3-540-45653-8\_24},
  doi       = {10.1007/3-540-45653-8\_24}
}

@phdthesis{Bru03:phd-thesis,
  author    = {Kai Br{\"{u}}nnler},
  title     = {Deep inference and symmetry in classical proofs},
  school    = {Dresden University of Technology, Germany},
  year      = {2003},
  url       = {http://hsss.slub-dresden.de/hsss/servlet/hsss.urlmapping.MappingServlet?id=1064911987703-3819},
  urn       = {urn:nbn:de:swb:14-1064911987703-38192},
  isbn      = {3-8325-0448-6}
}

@article{GugGun08:norm-contr-di-at-fl,
  author    = {Alessio Guglielmi and
               Tom Gundersen},
  title     = {Normalisation Control in Deep Inference via Atomic Flows},
  journal   = {Log. Methods Comput. Sci.},
  volume    = {4},
  number    = {1},
  year      = {2008},
  url       = {https://doi.org/10.2168/LMCS-4(1:9)2008},
  doi       = {10.2168/LMCS-4(1:9)2008}
}

@phdthesis{Gun09:phd-thesis,
  author    = {Tom Gundersen},
  title     = {A General View of Normalisation through Atomic Flows},
  school    = {University of Bath, {UK}},
  year      = {2009},
  url       = {https://tel.archives-ouvertes.fr/tel-00441540},
  timestamp = {Tue, 21 Jul 2020 00:40:48 +0200}
}



@article{Bla92:game-semantics-ll,
  author    = {Andreas Blass},
  title     = {A Game Semantics for Linear Logic},
  journal   = {Ann. Pure Appl. Log.},
  volume    = {56},
  number    = {1-3},
  pages     = {183--220},
  year      = {1992},
  url       = {https://doi.org/10.1016/0168-0072(92)90073-9},
  doi       = {10.1016/0168-0072(92)90073-9},
  timestamp = {Fri, 21 Feb 2020 21:18:40 +0100}
}

@article{Jap05:intro-to-cirquent-calc,
	author    = {Giorgi Japaridze},
	title     = {Introduction to Cirquent Calculus and Abstract Resource Semantics},
	journal   = {CoRR},
	volume    = {abs/math/0506553},
	year      = {2005},
	url       = {http://arxiv.org/abs/math/0506553},
	archivePrefix = {arXiv},
	eprint    = {math/0506553}
}

@article{Jap17:elem-base-cirq-calc,
	author    = {Giorgi Japaridze},
	title     = {Elementary-base cirquent calculus {I:} Parallel and choice connectives},
	journal   = {CoRR},
	volume    = {abs/1707.04823},
	year      = {2017},
	url       = {http://arxiv.org/abs/1707.04823},
	archivePrefix = {arXiv},
	eprint    = {1707.04823},
	timestamp = {Mon, 13 Aug 2018 16:47:50 +0200}
}

@inproceedings{CooRec74:length-of-proofs,
  author    = {Stephen A. Cook and
               Robert A. Reckhow},
  editor    = {Robert L. Constable and
               Robert W. Ritchie and
               Jack W. Carlyle and
               Michael A. Harrison},
  title     = {On the Lengths of Proofs in the Propositional Calculus (Preliminary
               Version)},
  booktitle = {Proceedings of the 6th Annual {ACM} Symposium on Theory of Computing,
               April 30 - May 2, 1974, Seattle, Washington, {USA}},
  pages     = {135--148},
  publisher = {{ACM}},
  year      = {1974},
  url       = {https://doi.org/10.1145/800119.803893},
  doi       = {10.1145/800119.803893}
}

@article{CooRec79:rel-eff-pps,
  author    = {Stephen A. Cook and
               Robert A. Reckhow},
  title     = {The Relative Efficiency of Propositional Proof Systems},
  journal   = {J. Symb. Log.},
  volume    = {44},
  number    = {1},
  pages     = {36--50},
  year      = {1979},
  url       = {https://doi.org/10.2307/2273702},
  doi       = {10.2307/2273702}
}

@article{Kra19:cook-reckhow,
  author    = {Jan Kraj{\'{\i}}cek},
  title     = {The Cook-Reckhow definition},
  journal   = {CoRR},
  volume    = {abs/1909.03691},
  year      = {2019},
  url       = {http://arxiv.org/abs/1909.03691},
  archivePrefix = {arXiv},
  eprint    = {1909.03691}
}

@misc{Str12:private-conjecture,
  author = "Stra{\ss}burger, Lutz",
  year = "2012",
  howpublished = "Personal communication"
}


@misc{Sip12:aut-search-lin-inf,
	title={An automated search of linear inference rules},
	author={Alvin Sipraga},
	year={2012},
	howpublished={Summer research project. Supervised by Alessio Guglielmi and Anupam Das},
	note={\url{http://arcturus.su/mimir/autolininf.pdf}}
}


@inproceedings{NguSei18:coh-int-graphs,
	author    = {L{\^{e}} Th{\`{a}}nh Dung Nguy{\^{e}}n and
	Thomas Seiller},
	editor    = {Thomas Ehrhard and
	Maribel Fern{\'{a}}ndez and
	Valeria de Paiva and
	Lorenzo Tortora de Falco},
	title     = {Coherent Interaction Graphs},
	booktitle = {Proceedings Joint International Workshop on Linearity {\&} Trends
	in Linear Logic and Applications, Linearity-TLLA@FLoC 2018, Oxford,
	UK, 7-8 July 2018},
	series    = {{EPTCS}},
	volume    = {292},
	pages     = {104--117},
	year      = {2018},
	url       = {https://doi.org/10.4204/EPTCS.292.6},
	doi       = {10.4204/EPTCS.292.6}
}

@article{CalDasWar20:bgl,
  author    = {Cameron Calk and
               Anupam Das and
               Tim Waring},
  title     = {Beyond formulas-as-cographs: an extension of Boolean logic to arbitrary
               graphs},
  journal   = {CoRR},
  volume    = {abs/2004.12941},
  year      = {2020},
  url       = {https://arxiv.org/abs/2004.12941},
  archivePrefix = {arXiv},
  eprint    = {2004.12941}
}

@misc{Das20:lin-inf-size-8,
	author = {Anupam Das},
	title = {A new linear inference of size 8},
	month = {June},
	year = {2020},
	howpublished = {The Proof Theory Blog},
	url = {https://prooftheory.blog/2020/06/25/new-linear-inference/},
}


@misc{Ric20:lin-inf-size-7,
	author = {Alex Rice},
	title = {Linear inferences of size 7},
	month = {October},
	year = {2020},
	howpublished = {The Proof Theory Blog},
	url = {https://prooftheory.blog/2020/10/01/linear-inferences-of-size-7/},
}

@misc{Ric21:implementation,
  author = {Alex Rice},
  title = {\verb|lin_inf| rust crate},
  year = {2021},
  publisher = {GitHub},
  journal = {GitHub repository},
  howpublished = {\url{https://github.com/alexarice/lin_inf}},
}

@misc{Das17:unavoidable-con-loop,
	Author = {Das, Anupam},
	Date-Added = {2017-06-24 21:53:36 +0000},
	Date-Modified = {2017-06-24 21:55:56 +0000},
	Keywords = {deep inference},
	Title = {An Unavoidable Contraction Loop in Monotone Deep Inference},
	Url = {http://cs.bath.ac.uk/ag/das/con-loop.pdf},
	Year = {2017},
	Bdsk-Url-1 = {http://cs.bath.ac.uk/ag/das/con-loop.pdf}}

	@article{Gug07:sys-int-struct,
	  author    = {Alessio Guglielmi},
	  title     = {A system of interaction and structure},
	  journal   = {{ACM} Trans. Comput. Log.},
	  volume    = {8},
	  number    = {1},
	  pages     = {1},
	  year      = {2007},
	  url       = {https://doi.org/10.1145/1182613.1182614},
	  doi       = {10.1145/1182613.1182614}
	}

	@article{BroKer73:finding-all-maxcliques,
	  author    = {Coenraad Bron and
	               Joep Kerbosch},
	  title     = {Finding All Cliques of an Undirected Graph (Algorithm 457)},
	  journal   = {Commun. {ACM}},
	  volume    = {16},
	  number    = {9},
	  pages     = {575--576},
	  year      = {1973},
	  timestamp = {Thu, 20 Nov 2003 13:05:30 +0100},
	  biburl    = {https://dblp.org/rec/journals/cacm/BronK73.bib},
	  bibsource = {dblp computer science bibliography, https://dblp.org}
	}
